@techreport{EVWUDFWQWURGXFWLRQ,
    title = {{{\$}EVWUDFW ,QWURGXFWLRQ}}
}

@techreport{EVWUDFWQWURGXFWLRQb,
    title = {{{\$}EVWUDFW ,QWURGXFWLRQ}}
}

@article{12_Darken1996_WayfindingStrategies,
    title = {{12{\_}Darken1996{\_}WayfindingStrategies}}
}

@article{12_Darken1996_WayfindingStrategiesb,
    title = {{12{\_}Darken1996{\_}WayfindingStrategies}}
}

@article{29_POINTING_ERROR_jennyVuong_small,
    title = {{29{\_}POINTING{\_}ERROR{\_}jennyVuong{\_}small}}
}

@article{3_Pierce1997,
    title = {{3{\_}Pierce1997}}
}

@article{3_Pierce1997b,
    title = {{3{\_}Pierce1997}}
}

@article{5_pausch_WIM,
    title = {{5{\_}pausch{\_}WIM}}
}

@article{5_pausch_WIMb,
    title = {{5{\_}pausch{\_}WIM}}
}

@article{Bowman1998AEnvironments,
    title = {{A methodology for the evaluation of travel techniques for immersive virtual environments}},
    year = {1998},
    journal = {Virtual Reality},
    author = {Bowman, D. A. and Koller, D. and Hodges, L. F.},
    number = {2},
    pages = {120--131},
    volume = {3},
    publisher = {Springer London},
    doi = {10.1007/BF01417673},
    issn = {14349957},
    keywords = {Evaluation; information gathering, Interaction techniques, Virtual environments}
}

@article{Bowman1998AEnvironmentsb,
    title = {{A methodology for the evaluation of travel techniques for immersive virtual environments}},
    year = {1998},
    journal = {Virtual Reality},
    author = {Bowman, D. A. and Koller, D. and Hodges, L. F.},
    number = {2},
    pages = {120--131},
    volume = {3},
    publisher = {Springer London},
    doi = {10.1007/BF01417673},
    issn = {14349957},
    keywords = {Evaluation; information gathering, Interaction techniques, Virtual environments}
}

@article{Chrastil2015ActiveKnowledge,
    title = {{Active and passive spatial learning in human navigation: Acquisition of graph knowledge}},
    year = {2015},
    journal = {Journal of Experimental Psychology: Learning Memory and Cognition},
    author = {Chrastil, Elizabeth R. and Warren, William H.},
    number = {4},
    month = {7},
    pages = {1162--1178},
    volume = {41},
    publisher = {American Psychological Association Inc.},
    doi = {10.1037/xlm0000082},
    issn = {02787393},
    keywords = {Decision making, Navigation, Proprioception, Spatial cognition}
}

@article{Bowman2001AnDesign,
    title = {{An introduction to 3-D user interface design}},
    year = {2001},
    journal = {Presence: Teleoperators and Virtual Environments},
    author = {Bowman, Doug A. and Kruijff, Ernst and LaViola, Joseph J. and Poupyrev, Ivan},
    number = {1},
    month = {2},
    pages = {96--108},
    volume = {10},
    doi = {10.1162/105474601750182342},
    issn = {10547460}
}

@article{Bowman2001AnDesignb,
    title = {{An introduction to 3-D user interface design}},
    year = {2001},
    journal = {Presence: Teleoperators and Virtual Environments},
    author = {Bowman, Doug A. and Kruijff, Ernst and LaViola, Joseph J. and Poupyrev, Ivan},
    number = {1},
    month = {2},
    pages = {96--108},
    volume = {10},
    doi = {10.1162/105474601750182342},
    issn = {10547460}
}

@techreport{KulikBuildingTechniques,
    title = {{Building on Realism and Magic for Designing 3D Interaction Techniques}},
    author = {Kulik, Alexander}
}

@techreport{KulikBuildingTechniquesb,
    title = {{Building on Realism and Magic for Designing 3D Interaction Techniques}},
    author = {Kulik, Alexander}
}

@article{Kulik2011C1x6,
    title = {{C1x6}},
    year = {2011},
    journal = {ACM Transactions on Graphics},
    author = {Kulik, Alexander and Kunert, André and Beck, Stephan and Reichel, Roman and Blach, Roland and Zink, Armin and Froehlich, Bernd},
    number = {6},
    month = {11},
    pages = {1},
    volume = {30},
    publisher = {Association for Computing Machinery (ACM)},
    doi = {10.1145/2070781.2024222},
    issn = {07300301}
}

@techreport{Schubert2014DecomposingInsights,
    title = {{Decomposing the sense of presence: Factor analytic insights}},
    year = {2014},
    author = {Schubert, Thomas and Regenbrecht, Holger},
    url = {https://www.researchgate.net/publication/228600448}
}

@inproceedings{Kopper2006DesignEnvironments,
    title = {{Design and evaluation of navigation techniques for multiscale virtual environments}},
    year = {2006},
    booktitle = {Proceedings - IEEE Virtual Reality},
    author = {Kopper, Regis and Ni, Tao and Bowman, Doug A. and Pinho, Marcio},
    pages = {24},
    volume = {2006},
    isbn = {1424402247},
    doi = {10.1109/VR.2006.47},
    keywords = {Interaction techniques, Levels of scale, Multiscale virtual environments, Navigation, Usability evaluation, Wayfinding aids}
}

@inproceedings{Kopper2006DesignEnvironmentsb,
    title = {{Design and evaluation of navigation techniques for multiscale virtual environments}},
    year = {2006},
    booktitle = {Proceedings - IEEE Virtual Reality},
    author = {Kopper, Regis and Ni, Tao and Bowman, Doug A. and Pinho, Marcio},
    pages = {24},
    volume = {2006},
    isbn = {1424402247},
    doi = {10.1109/VR.2006.47},
    keywords = {Interaction techniques, Levels of scale, Multiscale virtual environments, Navigation, Usability evaluation, Wayfinding aids}
}

@misc{Liang2018EvaluatingEnvironments,
    title = {{Evaluating the effects of collaboration and competition in navigation tasks and spatial knowledge acquisition within virtual reality environments}},
    year = {2018},
    booktitle = {Future Generation Computer Systems},
    author = {Liang, Hai Ning and Lu, Feiyu and Shi, Yuwei and Nanjappan, Vijayakumar and Papangelis, Konstantinos},
    month = {6},
    publisher = {Elsevier B.V.},
    doi = {10.1016/j.future.2018.02.029},
    issn = {0167739X},
    keywords = {Collaboration, Competition, Head-mounted displays, In-door navigation, User-study, Virtual reality, Visual-spatial memory}
}

@article{Suma2010EvaluationEnvironments,
    title = {{Evaluation of the cognitive effects of travel technique in complex real and virtual environments}},
    year = {2010},
    journal = {IEEE Transactions on Visualization and Computer Graphics},
    author = {Suma, Evan and Finkelstein, Samantha and Reid, Myra and Babu, Sabarish and Ulinski, Amy and Hodges, Larry F.},
    number = {4},
    pages = {690--702},
    volume = {16},
    doi = {10.1109/TVCG.2009.93},
    issn = {10772626},
    keywords = {Navigation, Real walking, Travel techniques, User study, Virtual reality}
}

@article{Suma2010EvaluationEnvironmentsb,
    title = {{Evaluation of the cognitive effects of travel technique in complex real and virtual environments}},
    year = {2010},
    journal = {IEEE Transactions on Visualization and Computer Graphics},
    author = {Suma, Evan and Finkelstein, Samantha and Reid, Myra and Babu, Sabarish and Ulinski, Amy and Hodges, Larry F.},
    number = {4},
    pages = {690--702},
    volume = {16},
    doi = {10.1109/TVCG.2009.93},
    issn = {10772626},
    keywords = {Navigation, Real walking, Travel techniques, User study, Virtual reality}
}

@article{Dallat2018Giant,
    title = {{Giant}},
    year = {2018},
    journal = {The Keats-Shelley Review},
    author = {Dallat, Cahal},
    number = {1},
    month = {5},
    pages = {55--56},
    volume = {32},
    publisher = {Informa UK Limited},
    doi = {10.1080/09524142.2018.1452412},
    issn = {0952-4142}
}

@article{Dallat2018Giantb,
    title = {{Giant}},
    year = {2018},
    journal = {The Keats-Shelley Review},
    author = {Dallat, Cahal},
    number = {1},
    month = {5},
    pages = {55--56},
    volume = {32},
    publisher = {Informa UK Limited},
    doi = {10.1080/09524142.2018.1452412},
    issn = {0952-4142}
}

@inproceedings{Schneegans2014Guacamole-AnShading,
    title = {{Guacamole-An extensible scene graph and rendering framework based on deferred shading}},
    year = {2014},
    booktitle = {2014 IEEE 7th Workshop on Software Engineering and Architectures for Realtime Interactive Systems, SEARIS 2014},
    author = {Schneegans, Simon and Lauer, Felix and Bernstein, Andreas C. and Schollmeyer, Andre and Froehlich, Bernd},
    pages = {35--42},
    publisher = {Institute of Electrical and Electronics Engineers Inc.},
    isbn = {9781479999552},
    doi = {10.1109/SEARIS.2014.7152799},
    keywords = {computer graphics, deferred shading, scene graph, virtual reality}
}

@inproceedings{Krekhov2018GulliVR,
    title = {{GulliVR}},
    year = {2018},
    author = {Krekhov, Andrey and Cmentowski, Sebastian and Emmerich, Katharina and Masuch, Maic and Kr{\"{u}}ger, Jens},
    month = {10},
    pages = {243--256},
    publisher = {Association for Computing Machinery (ACM)},
    doi = {10.1145/3242671.3242704}
}

@inproceedings{Krekhov2018GulliVRb,
    title = {{GulliVR}},
    year = {2018},
    author = {Krekhov, Andrey and Cmentowski, Sebastian and Emmerich, Katharina and Masuch, Maic and Kr{\"{u}}ger, Jens},
    month = {10},
    pages = {243--256},
    publisher = {Association for Computing Machinery (ACM)},
    doi = {10.1145/3242671.3242704}
}

@inproceedings{LaViola2004Hands-freeEnvironments,
    title = {{Hands-free multi-scale navigation in virtual environments}},
    year = {2004},
    author = {LaViola, Joseph J. and Feliz, Daniel Acevedo and Keefe, Daniel F. and Zeleznik, Robert C.},
    month = {2},
    pages = {9--15},
    publisher = {Association for Computing Machinery (ACM)},
    doi = {10.1145/364338.364339}
}

@inproceedings{LaViola2004Hands-freeEnvironmentsb,
    title = {{Hands-free multi-scale navigation in virtual environments}},
    year = {2004},
    author = {LaViola, Joseph J. and Feliz, Daniel Acevedo and Keefe, Daniel F. and Zeleznik, Robert C.},
    month = {2},
    pages = {9--15},
    publisher = {Association for Computing Machinery (ACM)},
    doi = {10.1145/364338.364339}
}

@techreport{BeckImmersiveTelepresence,
    title = {{Immersive Group-to-Group Telepresence}},
    author = {Beck, Stephan and Andr´, André and Kunert, André and Kulik, Alexander and Froehlich, Bernd},
    keywords = {3D capture, Index Terms-Multi-user virtual reality, telepresence}
}

@techreport{Thorndyke1980LNAVIGATION,
    title = {{L {\~{}}LEVEL DIFFERENCES IN SPATIAL KNOWLEDGE ACQUIRED FROM MAPS AND NAVIGATION}},
    year = {1980},
    author = {Thorndyke, Perry W and Hayes-Roth, Barbara}
}

@techreport{Thorndyke1980LNAVIGATIONb,
    title = {{L {\~{}}LEVEL DIFFERENCES IN SPATIAL KNOWLEDGE ACQUIRED FROM MAPS AND NAVIGATION}},
    year = {1980},
    author = {Thorndyke, Perry W and Hayes-Roth, Barbara}
}

@inproceedings{McCall2004MeasuringEnvironments,
    title = {{Measuring presence in virtual environments}},
    year = {2004},
    author = {McCall, Rod and O'Neil, Shaleph and Carroll, Fiona},
    month = {7},
    pages = {783},
    publisher = {Association for Computing Machinery (ACM)},
    doi = {10.1145/985921.985934}
}

@misc{Lackner2014MotionVomiting,
    title = {{Motion sickness: More than nausea and vomiting}},
    year = {2014},
    booktitle = {Experimental Brain Research},
    author = {Lackner, James R.},
    number = {8},
    pages = {2493--2510},
    volume = {232},
    publisher = {Springer Verlag},
    doi = {10.1007/s00221-014-4008-8},
    issn = {14321106},
    keywords = {Adaptation, Motion sickness, Sopite syndrome, Vestibular function, Visceral afferents, Weightlessness}
}

@inproceedings{Mine1997MovingSpace,
    title = {{Moving objects in space}},
    year = {1997},
    booktitle = {Proceedings of the 24th annual conference on Computer graphics and interactive techniques  - SIGGRAPH '97},
    author = {Mine, Mark R. and Brooks, Frederick P. and Sequin, Carlo H.},
    pages = {19--26},
    publisher = {ACM Press},
    url = {http://portal.acm.org/citation.cfm?doid=258734.258747},
    address = {New York, New York, USA},
    isbn = {0897918967},
    doi = {10.1145/258734.258747}
}

@inproceedings{Mine1997MovingSpaceb,
    title = {{Moving objects in space}},
    year = {1997},
    booktitle = {Proceedings of the 24th annual conference on Computer graphics and interactive techniques  - SIGGRAPH '97},
    author = {Mine, Mark R. and Brooks, Frederick P. and Sequin, Carlo H.},
    pages = {19--26},
    publisher = {ACM Press},
    url = {http://portal.acm.org/citation.cfm?doid=258734.258747},
    address = {New York, New York, USA},
    isbn = {0897918967},
    doi = {10.1145/258734.258747}
}

@techreport{WeisskerMulti-RayReality,
    title = {{Multi-Ray Jumping: Comprehensible Group Navigation for Collocated Users in Immersive Virtual Reality}},
    author = {Weissker, Tim and Kulik, Alexander and Froehlich, Bernd},
    url = {http://vtime.net/},
    keywords = {H53 [In-formation Interfaces and Presentation]: Group and Organization Interfaces-Collaborative computing, I36 [Computer Graphics]: Methodology and Techniques-Interaction techniques, Virtual reality, collocation, group navigation, head-mounted displays, jumping Index Terms: I37 [Computer Graphics]: Three-Dimensional Graphics and Realism-Virtual reality, multi-user in-teraction, teleportation}
}

@inproceedings{McCrae2009MultiscaleNavigation,
    title = {{Multiscale 3D navigation}},
    year = {2009},
    author = {McCrae, James and Mordatch, Igor and Glueck, Michael and Khan, Azam},
    month = {3},
    pages = {7},
    publisher = {Association for Computing Machinery (ACM)},
    doi = {10.1145/1507149.1507151}
}

@inproceedings{McCrae2009MultiscaleNavigationb,
    title = {{Multiscale 3D navigation}},
    year = {2009},
    author = {McCrae, James and Mordatch, Igor and Glueck, Michael and Khan, Azam},
    month = {3},
    pages = {7},
    publisher = {Association for Computing Machinery (ACM)},
    doi = {10.1145/1507149.1507151}
}

@techreport{WeikerNavigationThesis,
    title = {{Navigation in Immersive Virtual Reality The Effects of Steering and Jumping Techniques on Spatial Updating Master's Thesis}},
    author = {Wei{\ss}ker, Tim},
    keywords = {()}
}

@techreport{WeikerNavigationThesisb,
    title = {{Navigation in Immersive Virtual Reality The Effects of Steering and Jumping Techniques on Spatial Updating Master's Thesis}},
    author = {Wei{\ss}ker, Tim},
    keywords = {()}
}

@inproceedings{Wingrave2006OvercomingWIM,
    title = {{Overcoming world in miniature limitations by a scaled and scrolling WIM}},
    year = {2006},
    booktitle = {3DUI 2006: IEEE Symposium on 3D User Interfaces 2006 - Proceedings},
    author = {Wingrave, Chadwick A. and Haciahmetoglu, Yonca and Bowman, Doug A.},
    pages = {11--16},
    volume = {2006},
    isbn = {1424402255},
    doi = {10.1109/VR.2006.106},
    keywords = {Interface design, SSWIM, Travel, Virtual reality, WIM}
}

@inproceedings{Wingrave2006OvercomingWIMb,
    title = {{Overcoming world in miniature limitations by a scaled and scrolling WIM}},
    year = {2006},
    booktitle = {3DUI 2006: IEEE Symposium on 3D User Interfaces 2006 - Proceedings},
    author = {Wingrave, Chadwick A. and Haciahmetoglu, Yonca and Bowman, Doug A.},
    pages = {11--16},
    volume = {2006},
    isbn = {1424402255},
    doi = {10.1109/VR.2006.106},
    keywords = {Interface design, SSWIM, Travel, Virtual reality, WIM}
}

@inproceedings{Kunert2014Photoportals,
    title = {{Photoportals}},
    year = {2014},
    author = {Kunert, André and Kulik, Alexander and Beck, Stephan and Froehlich, Bernd},
    month = {2},
    pages = {1388--1399},
    publisher = {Association for Computing Machinery (ACM)},
    doi = {10.1145/2531602.2531727}
}

@inproceedings{Kunert2014Photoportalsb,
    title = {{Photoportals}},
    year = {2014},
    author = {Kunert, André and Kulik, Alexander and Beck, Stephan and Froehlich, Bernd},
    month = {2},
    pages = {1388--1399},
    publisher = {Association for Computing Machinery (ACM)},
    doi = {10.1145/2531602.2531727}
}

@incollection{Perse2009PresenceQuestionnaire,
    title = {{Presence questionnaire}},
    year = {2009},
    booktitle = {Communication Research Measures II: A Sourcebook},
    author = {Perse, Elizabeth M.},
    month = {5},
    pages = {276--283},
    publisher = {Routledge Taylor {\&} Francis Group},
    isbn = {0203871537},
    doi = {10.4324/9780203871539}
}

@inproceedings{Pausch1997QuantifyingReality,
    title = {{Quantifying immersion in virtual reality}},
    year = {1997},
    booktitle = {Proceedings of the 24th annual conference on Computer graphics and interactive techniques  - SIGGRAPH '97},
    author = {Pausch, Randy and Proffitt, Dennis and Williams, George},
    pages = {13--18},
    publisher = {ACM Press},
    url = {http://portal.acm.org/citation.cfm?doid=258734.258744},
    address = {New York, New York, USA},
    isbn = {0897918967},
    doi = {10.1145/258734.258744}
}

@techreport{RazzaqueRedirectedWalking,
    title = {{Redirected Walking}},
    author = {Razzaque, Sharif and Kohn, Zachariah and Whitton, Mary C}
}

@article{Argelaguet2011See-throughReality,
    title = {{See-through techniques for referential awareness in collaborative virtual reality}},
    year = {2011},
    journal = {International Journal of Human Computer Studies},
    author = {Argelaguet, Ferran and Kulik, Alexander and Kunert, André and Andujar, Carlos and Froehlich, Bernd},
    number = {6},
    month = {6},
    pages = {387--400},
    volume = {69},
    doi = {10.1016/j.ijhcs.2011.01.003},
    issn = {10715819},
    keywords = {3D pointing, Collaborative virtual reality, Evaluation/methodology, Interaction techniques}
}

@inproceedings{Interrante2007SevenEnvironments,
    title = {{Seven league boots: A new metaphor for augmented locomotion through moderately large scale immersive virtual environments}},
    year = {2007},
    booktitle = {IEEE Symposium on 3D User Interfaces 2007 - Proceedings, 3DUI 2007},
    author = {Interrante, Victoria and Ries, Brian and Anderson, Lee},
    pages = {167--170},
    isbn = {1424409071},
    doi = {10.1109/3DUI.2007.340791},
    keywords = {Immersive virtual environments, Locomotion, Spatial perception}
}

@article{Kennedy1993SimulatorSickness,
    title = {{Simulator Sickness Questionnaire: An Enhanced Method for Quantifying Simulator Sickness}},
    year = {1993},
    journal = {The International Journal of Aviation Psychology},
    author = {Kennedy, Robert S. and Lane, Norman E. and Berbaum, Kevin S. and Lilienthal, Michael G.},
    number = {3},
    month = {7},
    pages = {203--220},
    volume = {3},
    url = {http://www.tandfonline.com/doi/abs/10.1207/s15327108ijap0303_3},
    doi = {10.1207/s15327108ijap0303{\_}3},
    issn = {1050-8414}
}

@article{Kennedy1993SimulatorSicknessb,
    title = {{Simulator Sickness Questionnaire: An Enhanced Method for Quantifying Simulator Sickness}},
    year = {1993},
    journal = {The International Journal of Aviation Psychology},
    author = {Kennedy, Robert S. and Lane, Norman E. and Berbaum, Kevin S. and Lilienthal, Michael G.},
    number = {3},
    month = {7},
    pages = {203--220},
    volume = {3},
    url = {http://www.tandfonline.com/doi/abs/10.1207/s15327108ijap0303_3},
    doi = {10.1207/s15327108ijap0303{\_}3},
    issn = {1050-8414}
}

@techreport{SadagicSmall-GroupStudy,
    title = {{Small-Group Behavior in a Virtual and Real Environment: A Comparative Study}},
    author = {Sadagic, Amela and Usoh, Martin and Schroeder, Ralph}
}

@techreport{Richardson1999SpatialEnvironments,
    title = {{Spatial knowledge acquisition from maps and from navigation in real and virtual environments}},
    year = {1999},
    booktitle = {Memory {\&} Cognition},
    author = {Richardson, Anthony E and Montello, Daniel R and Hegarty, Mary},
    number = {4},
    pages = {741--750},
    volume = {27}
}

@techreport{Richardson1999SpatialEnvironmentsb,
    title = {{Spatial knowledge acquisition from maps and from navigation in real and virtual environments}},
    year = {1999},
    booktitle = {Memory {\&} Cognition},
    author = {Richardson, Anthony E and Montello, Daniel R and Hegarty, Mary},
    number = {4},
    pages = {741--750},
    volume = {27}
}

@inproceedings{Weibker2018SpatialEnvironments,
    title = {{Spatial Updating and Simulator Sickness during Steering and Jumping in Immersive Virtual Environments}},
    year = {2018},
    booktitle = {25th IEEE Conference on Virtual Reality and 3D User Interfaces, VR 2018 - Proceedings},
    author = {Weibker, Tim and Kunert, Andre and Frohlich, Bernd and Kulik, Alexander},
    month = {8},
    pages = {97--104},
    publisher = {Institute of Electrical and Electronics Engineers Inc.},
    isbn = {9781538633656},
    doi = {10.1109/VR.2018.8446620},
    keywords = {I.3.6 [Computer Graphics]: Methodology and Techniques Interaction techniques H.1.2 [Models and Principles]: User/Machine Systems-Human information processing}
}

@inproceedings{Weibker2018SpatialEnvironmentsb,
    title = {{Spatial Updating and Simulator Sickness during Steering and Jumping in Immersive Virtual Environments}},
    year = {2018},
    booktitle = {25th IEEE Conference on Virtual Reality and 3D User Interfaces, VR 2018 - Proceedings},
    author = {Weibker, Tim and Kunert, Andre and Frohlich, Bernd and Kulik, Alexander},
    month = {8},
    pages = {97--104},
    publisher = {Institute of Electrical and Electronics Engineers Inc.},
    isbn = {9781538633656},
    doi = {10.1109/VR.2018.8446620},
    keywords = {I.3.6 [Computer Graphics]: Methodology and Techniques Interaction techniques H.1.2 [Models and Principles]: User/Machine Systems-Human information processing}
}

@techreport{BowmanTestbedTechniques,
    title = {{Testbed Evaluation of Virtual Environment Interaction Techniques}},
    author = {Bowman, Doug A and Johnson, Donald B and Hodges, Larry F}
}

@techreport{BowmanTestbedTechniquesb,
    title = {{Testbed Evaluation of Virtual Environment Interaction Techniques}},
    author = {Bowman, Doug A and Johnson, Donald B and Hodges, Larry F}
}

@article{Ruddle1999TheEnvironments,
    title = {{The effects of maps on navigation and search strategies in very-large-scale virtual environments}},
    year = {1999},
    journal = {Journal of Experimental Psychology: Applied},
    author = {Ruddle, Roy A. and Payne, Stephen J. and Jones, Dylan M.},
    number = {1},
    pages = {54--75},
    volume = {5},
    publisher = {American Psychological Association Inc.},
    doi = {10.1037/1076-898X.5.1.54},
    issn = {1076898X}
}

@article{Ruddle1999TheEnvironmentsb,
    title = {{The effects of maps on navigation and search strategies in very-large-scale virtual environments}},
    year = {1999},
    journal = {Journal of Experimental Psychology: Applied},
    author = {Ruddle, Roy A. and Payne, Stephen J. and Jones, Dylan M.},
    number = {1},
    pages = {54--75},
    volume = {5},
    publisher = {American Psychological Association Inc.},
    doi = {10.1037/1076-898X.5.1.54},
    issn = {1076898X}
}

@article{Dunham2012TheLynch,
    title = {{The Image of the City Kevin Lynch}},
    year = {2012},
    journal = {Social Problems},
    author = {Dunham, H. Warren},
    number = {3},
    month = {9},
    pages = {280--281},
    volume = {8},
    publisher = {Oxford University Press (OUP)},
    doi = {10.2307/798927},
    issn = {00377791}
}

@article{Dunham2012TheLynchb,
    title = {{The Image of the City Kevin Lynch}},
    year = {2012},
    journal = {Social Problems},
    author = {Dunham, H. Warren},
    number = {3},
    month = {9},
    pages = {280--281},
    volume = {8},
    publisher = {Oxford University Press (OUP)},
    doi = {10.2307/798927},
    issn = {00377791}
}

@inproceedings{Fisher2004VirtualSystem,
    title = {{Virtual environment display system}},
    year = {2004},
    author = {Fisher, S. S. and McGreevy, M. and Humphries, J. and Robinett, W.},
    month = {2},
    pages = {77--87},
    publisher = {Association for Computing Machinery (ACM)},
    doi = {10.1145/319120.319127}
}

@inproceedings{Fisher2004VirtualSystemb,
    title = {{Virtual environment display system}},
    year = {2004},
    author = {Fisher, S. S. and McGreevy, M. and Humphries, J. and Robinett, W.},
    month = {2},
    pages = {77--87},
    publisher = {Association for Computing Machinery (ACM)},
    doi = {10.1145/319120.319127}
}

@inproceedings{Stoakley2010VirtualWIM,
    title = {{Virtual reality on a WIM}},
    year = {2010},
    author = {Stoakley, Richard and Conway, Matthew J. and Pausch, Randy},
    month = {4},
    pages = {265--272},
    publisher = {Association for Computing Machinery (ACM)},
    doi = {10.1145/223904.223938}
}

@inproceedings{Stoakley2010VirtualWIMb,
    title = {{Virtual reality on a WIM}},
    year = {2010},
    author = {Stoakley, Richard and Conway, Matthew J. and Pausch, Randy},
    month = {4},
    pages = {265--272},
    publisher = {Association for Computing Machinery (ACM)},
    doi = {10.1145/223904.223938}
}

@techreport{Usoh1999WalkingEnvironments,
    title = {{Walking > Walking-in-Place > Flying, in Virtual Environments}},
    year = {1999},
    author = {Usoh, Martin and Arthur, Kevin and Whitton, Mary C and Bastos, Rui and Steed, Anthony and Slater, Mel and Brooks, Frederick P},
    keywords = {CR Categories and Subject Descriptors: I37 [Computer Graphics]: Three-Dimensional Graphics and Realism-Virtual Reality, H52 [Information Interfaces]: User Interfaces-Evaluation/Methodology Keywords: Presence, Locomotion, Virtual Reality, Virtual Walking, Human Factors, Neural Networks, Visual Cliff, I36 [Computer Graphics]: Methodology and Techniques-Interaction techniques}
}

@techreport{Usoh1999WalkingEnvironmentsb,
    title = {{Walking > Walking-in-Place > Flying, in Virtual Environments}},
    year = {1999},
    author = {Usoh, Martin and Arthur, Kevin and Whitton, Mary C and Bastos, Rui and Steed, Anthony and Slater, Mel and Brooks, Frederick P},
    keywords = {CR Categories and Subject Descriptors: I37 [Computer Graphics]: Three-Dimensional Graphics and Realism-Virtual Reality, H52 [Information Interfaces]: User Interfaces-Evaluation/Methodology Keywords: Presence, Locomotion, Virtual Reality, Virtual Walking, Human Factors, Neural Networks, Visual Cliff, I36 [Computer Graphics]: Methodology and Techniques-Interaction techniques}
}

@article{Stratford2018WelcomeGuide,
    title = {{Welcome to Mendeley: Quick Start Guide}},
    year = {2018},
    author = {Stratford, Matthew}
}